
@article{BayerFrizGatheral2016,
    author = {Christian Bayer and Peter Friz and Jim Gatheral},
    title = {Pricing under rough volatility},
    journal = {Quantitative Finance},
    volume = {16},
    number = {6},
    pages = {887--904},
    year = {2016},
    publisher = {Routledge},
    doi = {10.1080/14697688.2015.1099717},
    URL = {https://doi.org/10.1080/14697688.2015.1099717}
}

@article{BennedsenLundePakkanen2021,
    author = {Bennedsen, Mikkel and Lunde, Asger and Pakkanen, Mikko Sakari},
    title = {Decoupling the Short- and Long-Term Behavior of Stochastic Volatility},
    journal = {Journal of Financial Econometrics},
    volume = {20},
    number = {5},
    pages = {961-1006},
    year = {2021},
    month = {01},
    issn = {1479-8409},
    doi = {10.1093/jjfinec/nbaa049},
    url = {https://doi.org/10.1093/jjfinec/nbaa049}
}

@article{CarmonaCoutin1998,
    author = {Philippe Carmona and Laure Coutin},
    title = {{Fractional Brownian Motion and the Markov Property}},
    volume = {3},
    journal = {Electronic Communications in Probability},
    number = {none},
    publisher = {Institute of Mathematical Statistics and Bernoulli Society},
    pages = {95 -- 107},
    year = {1998},
    doi = {10.1214/ECP.v3-998},
    URL = {https://doi.org/10.1214/ECP.v3-998}
}

@article{CarmonaCoutingMontseny2000,
  title={Approximation of some Gaussian processes},
  author={Carmona, Philippe and Coutin, Laure and Montseny, G{\'e}rard},
  journal={Statistical inference for stochastic processes},
  volume={3},
  pages={161--171},
  year={2000},
  publisher={Springer}
}

@article{ComteRenault1998,
    author = {Comte, Fabienne and Renault, Eric},
    title = {Long memory in continuous-time stochastic volatility models},
    journal = {Mathematical Finance},
    volume = {8},
    number = {4},
    pages = {291-323},
    keywords = {continuous-time option pricing model, stochastic volatility, volatility smile, volatility persistence, long memory},
    doi = {https://doi.org/10.1111/1467-9965.00057},
    url = {https://onlinelibrary.wiley.com/doi/abs/10.1111/1467-9965.00057},
    year = {1998}
}

@article{DamianFrey2024,
    author = {Camilla Damian and RÃ¼diger Frey},
    title = {Detecting rough volatility: a filtering approach},
    journal = {Quantitative Finance},
    volume = {24},
    number = {10},
    pages = {1493--1508},
    year = {2024},
    publisher = {Routledge},
    doi = {10.1080/14697688.2024.2399284},
    URL = {https://doi.org/10.1080/14697688.2024.2399284}
}

@article{ElEuchRosenbaum2019,
    author = {El Euch, Omar and Rosenbaum, Mathieu},
    title = {The characteristic function of rough Heston models},
    journal = {Mathematical Finance},
    volume = {29},
    number = {1},
    pages = {3-38},
    keywords = {fractional Brownian motion, fractional Riccati equation, Hawkes processes, limit theorems, rough Heston models, rough volatility models},
    doi = {https://doi.org/10.1111/mafi.12173},
    url = {https://onlinelibrary.wiley.com/doi/abs/10.1111/mafi.12173},
    eprint = {https://onlinelibrary.wiley.com/doi/pdf/10.1111/mafi.12173},
    year = {2019}
}

@article{GatheralJaissonRosenbaum2018,
    author = {Jim Gatheral and Thibault Jaisson and Mathieu Rosenbaum},
    title = {Volatility is rough},
    journal = {Quantitative Finance},
    volume = {18},
    number = {6},
    pages = {933--949},
    year = {2018},
    publisher = {Routledge},
    doi = {10.1080/14697688.2017.1393551},
    URL = {https://doi.org/10.1080/14697688.2017.1393551},
}

@misc{Gatheral2024,
  title= {10 years of rough volatility: A current perspective},
  author= {Gatheral, Jim},
  year= {2024},
  howpublished = {XXV Workshop on Quantitative, Bologna},
  note = {Available at: \url{https://mfe.baruch.cuny.edu/wp-content/uploads/2024/04/RoughVolatilityBologna2024.pdf}}
}

@article{Heston1993,
    ISSN = {08939454, 14657368},
    URL = {http://www.jstor.org/stable/2962057},
    author = {Steven L. Heston},
    journal = {The Review of Financial Studies},
    number = {2},
    pages = {327--343},
    publisher = {[Oxford University Press, Society for Financial Studies]},
    title = {A Closed-Form Solution for Options with Stochastic Volatility with Applications to Bond and Currency Options},
    volume = {6},
    year = {1993}
}

@article{Rubinstein1985,
    author = {Rubinstein, Mark},
    title = {Nonparametric Tests of Alternative Option Pricing Models Using All Reported Trades and Quotes on the 30 Most Active CBOE Option Classes from August 23, 1976 through August 31, 1978},
    journal = {The Journal of Finance},
    volume = {40},
    number = {2},
    pages = {455-480},
    doi = {https://doi.org/10.1111/j.1540-6261.1985.tb04967.x},
    url = {https://onlinelibrary.wiley.com/doi/abs/10.1111/j.1540-6261.1985.tb04967.x},
    year = {1985}
}

